@book{fuchs1998multivariate,
  title={Multivariate quality control: theory and applications},
  author={Fuchs, Camil and Kenett, Ron S},
  year={1998},
  publisher={CRC Press}
}

@article{bhargava2018fruits,
  title={Fruits and vegetables quality evaluation using computer vision: A review},
  author={Bhargava, Anuja and Bansal, Atul},
  journal={Journal of King Saud University-Computer and Information Sciences},
  year={2018},
  publisher={Elsevier}
}

@article{el2019applications,
  title={Applications of non-destructive technologies for agricultural and food products quality inspection},
  author={El-Mesery, Hany S and Mao, Hanping and Abomohra, Abd El-Fatah},
  journal={Sensors},
  volume={19},
  number={4},
  pages={846},
  year={2019},
  publisher={Multidisciplinary Digital Publishing Institute}
}

@article{yin2007thickness,
  title={Thickness measurement of non-magnetic plates using multi-frequency eddy current sensors},
  author={Yin, Wuliang and Peyton, AJ},
  journal={NDT \& E International},
  volume={40},
  number={1},
  pages={43--48},
  year={2007},
  publisher={Elsevier}
}

@article{wang2015noncontact,
  title={Noncontact thickness measurement of metal films using eddy-current sensors immune to distance variation},
  author={Wang, Hongbo and Li, Wei and Feng, Zhihua},
  journal={IEEE Transactions on Instrumentation and Measurement},
  volume={64},
  number={9},
  pages={2557--2564},
  year={2015},
  publisher={IEEE}
}

@article{cheng2017thickness,
  title={Thickness measurement of metal plates using swept-frequency eddy current testing and impedance normalization},
  author={Cheng, Weiying},
  journal={IEEE Sensors Journal},
  volume={17},
  number={14},
  pages={4558--4569},
  year={2017},
  publisher={IEEE}
}

@article{mao2016thickness,
  title={Thickness measurement of metal pipe using swept-frequency eddy current testing},
  author={Mao, Xuefei and Lei, Yinzhao},
  journal={NDT \& E International},
  volume={78},
  pages={10--19},
  year={2016},
  publisher={Elsevier}
}

@article{zhang2019convolutional,
  title={Convolutional neural network-based inspection of metal additive manufacturing parts},
  author={Zhang, Binbin and Jaiswal, Prakhar and Rai, Rahul and Guerrier, Paul and Baggs, George},
  journal={Rapid Prototyping Journal},
  year={2019},
  publisher={Emerald Publishing Limited}
}

@article{aminzadeh2019online,
  title={Online quality inspection using Bayesian classification in powder-bed additive manufacturing from high-resolution visual camera images},
  author={Aminzadeh, Masoumeh and Kurfess, Thomas R},
  journal={Journal of Intelligent Manufacturing},
  volume={30},
  number={6},
  pages={2505--2523},
  year={2019},
  publisher={Springer}
}

@article{yun2020automated,
  title={Automated defect inspection system for metal surfaces based on deep learning and data augmentation},
  author={Yun, Jong Pil and Shin, Woosang Crino and Koo, Gyogwon and Kim, Min Su and Lee, Chungki and Lee, Sang Jun},
  journal={Journal of Manufacturing Systems},
  volume={55},
  pages={317--324},
  year={2020},
  publisher={Elsevier}
}

@article{hochreiter1997long,
  title={Long short-term memory},
  author={Hochreiter, Sepp and Schmidhuber, J{\"u}rgen},
  journal={Neural Computation},
  volume={9},
  number={8},
  pages={1735--1780},
  year={1997},
  publisher={MIT Press}
}

@inproceedings{cho2014properties,
  title={On the properties of neural machine translation: Encoder-decoder approaches},
  author={Cho, Kyunghyun and Van Merri{\"e}nboer, Bart and Bahdanau, Dzmitry and Bengio, Yoshua},
  booktitle = {Proceedings of SSST@EMNLP},
  pages     = {103--111},
  publisher = {Association for Computational Linguistics},
  year      = {2014}
}

@article{block2020inspection,
  title={Inspection of imprint defects in stamped metal surfaces using deep learning and tracking},
  author={Block, Sylvio Biasuz and da Silva, Ricardo Dutra Dutra and Dorini, Leyza and Minetto, Rodrigo},
  journal={IEEE Transactions on Industrial Electronics},
  year={2020},
  publisher={IEEE}
}

@article{sustika2018evaluation,
  title={Evaluation of deep convolutional neural network architectures for strawberry quality inspection},
  author={Sustika, Rika and Subekti, Agus and Pardede, Hilman F and Suryawati, Endang and Mahendra, Oka and Yuwana, Sandra},
  journal={Int. J. Eng. Technol},
  volume={7},
  number={4},
  pages={75--80},
  year={2018}
}

@article{imani2019deep,
  title={Deep learning of variant geometry in layerwise imaging profiles for additive manufacturing quality control},
  author={Imani, Farhad and Chen, Ruimin and Diewald, Evan and Reutzel, Edward and Yang, Hui},
  journal={Journal of Manufacturing Science and Engineering},
  volume={141},
  number={11},
  year={2019},
  publisher={American Society of Mechanical Engineers Digital Collection}
}

@article{de2014industrial,
  title={Industrial applications of computed tomoboography},
  author={De Chiffre, Leonardo and Carmignato, Simone and Kruth, J-P and Schmitt, Robert and Weckenmann, Albert},
  journal={CIRP Annals},
  volume={63},
  number={2},
  pages={655--677},
  year={2014},
  publisher={Elsevier}
}

@article{su2014terahertz,
  title={Terahertz sensor for non-contact thickness and quality measurement of automobile paints of varying complexity},
  author={Su, Ke and Shen, Yao-Chun and Zeitler, J Axel},
  journal={IEEE Transactions on Terahertz Science and Technology},
  volume={4},
  number={4},
  pages={432--439},
  year={2014},
  publisher={IEEE}
}

@article{may2011terahertz,
  title={Terahertz in-line sensor for direct coating thickness measurement of individual tablets during film coating in real-time},
  author={May, Robert K and Evans, Michael J and Zhong, Shuncong and Warr, Ian and Gladden, Lynn F and Shen, Yaochun and Zeitler, J Axel},
  journal={Journal of Pharmaceutical Sciences},
  volume={100},
  number={4},
  pages={1535--1544},
  year={2011},
  publisher={Elsevier}
}

@article{krimi2016highly,
  title={Highly accurate thickness measurement of multi-layered automotive paints using terahertz technology},
  author={Krimi, Soufiene and Klier, Jens and Jonuscheit, Joachim and von Freymann, Georg and Urbansky, Ralph and Beigang, Ren{\'e}},
  journal={Applied Physics Letters},
  volume={109},
  number={2},
  pages={021105},
  year={2016},
  publisher={AIP Publishing LLC}
}

@inproceedings{bergstra2011algorithms,
  title={Algorithms for hyper-parameter optimization},
  author={Bergstra, James and Bardenet, R{\'e}mi and Bengio, Yoshua and K{\'e}gl, Bal{\'a}zs},
  booktitle={25th annual conference on Neural Information Processing Systems (NIPS 2011)},
  volume={24},
  year={2011},
  organization={Neural Information Processing Systems Foundation}
}

@inproceedings{rublee2011orb,
  title={ORB: An efficient alternative to SIFT or SURF},
  author={Rublee, Ethan and Rabaud, Vincent and Konolige, Kurt and Bradski, Gary},
  booktitle={2011 International Conference on Computer Vision},
  pages={2564--2571},
  year={2011},
  organization={IEEE}
}
@inproceedings{he2016deep,
  title={Deep residual learning for image recognition},
  author={He, Kaiming and Zhang, Xiangyu and Ren, Shaoqing and Sun, Jian},
  booktitle={Proceedings of the IEEE conference on Computer Vision and Pattern Recognition},
  pages={770--778},
  year={2016}
}
@inproceedings{huang2017densely,
  title={Densely connected convolutional networks},
  author={Huang, Gao and Liu, Zhuang and Van Der Maaten, Laurens and Weinberger, Kilian Q},
  booktitle={Proceedings of the IEEE conference on Computer Vision and Pattern Recognition},
  pages={4700--4708},
  year={2017}
}

@article{rumelhart1986learning,
  title={Learning representations by back-propagating errors},
  author={Rumelhart, David E and Hinton, Geoffrey E and Williams, Ronald J},
  journal={nature},
  volume={323},
  number={6088},
  pages={533--536},
  year={1986},
  publisher={Nature Publishing Group}
}

@book{goodfellow2016deep,
  title={Deep learning},
  author={Goodfellow, Ian and Bengio, Yoshua and Courville, Aaron and Bengio, Yoshua},
  year={2016},
  publisher={MIT Press}
}

@article{tan2019efficientnet,
  title={Efficientnet: Rethinking model scaling for convolutional neural networks},
  author={Tan, Mingxing and Le, Quoc V},
  journal={arXiv preprint arXiv:1905.11946},
  year={2019}
}
@article{howard2017mobilenets,
  title={Mobilenets: Efficient convolutional neural networks for mobile vision applications},
  author={Howard, Andrew G and Zhu, Menglong and Chen, Bo and Kalenichenko, Dmitry and Wang, Weijun and Weyand, Tobias and Andreetto, Marco and Adam, Hartwig},
  journal={arXiv preprint arXiv:1704.04861},
  year={2017}
}
@inproceedings{long2015fully,
  title={Fully convolutional networks for semantic segmentation},
  author={Long, Jonathan and Shelhamer, Evan and Darrell, Trevor},
  booktitle={Proceedings of the IEEE conference on Computer Vision and Pattern Recognition},
  pages={3431--3440},
  year={2015}
}
@inproceedings{ronneberger2015u,
  title={U-net: Convolutional networks for biomedical image segmentation},
  author={Ronneberger, Olaf and Fischer, Philipp and Brox, Thomas},
  booktitle={International Conference on Medical image computing and computer-assisted intervention},
  pages={234--241},
  year={2015},
  organization={Springer}
}

@article{badrinarayanan2017segnet,
  title={Segnet: A deep convolutional encoder-decoder architecture for image segmentation},
  author={Badrinarayanan, Vijay and Kendall, Alex and Cipolla, Roberto},
  journal={IEEE transactions on Pattern Analysis and Machine Intelligence},
  volume={39},
  number={12},
  pages={2481--2495},
  year={2017},
  publisher={IEEE}
}
@inproceedings{zhao2017pyramid,
  title={Pyramid scene parsing network},
  author={Zhao, Hengshuang and Shi, Jianping and Qi, Xiaojuan and Wang, Xiaogang and Jia, Jiaya},
  booktitle={Proceedings of the IEEE conference on Computer Vision and Pattern Recognition},
  pages={2881--2890},
  year={2017}
}
@article{chen2017rethinking,
  title={Rethinking atrous convolution for semantic image segmentation},
  author={Chen, Liang-Chieh and Papandreou, George and Schroff, Florian and Adam, Hartwig},
  journal={arXiv preprint arXiv:1706.05587},
  year={2017}
}
@inproceedings{chen2018encoder,
  title={Encoder-decoder with atrous separable convolution for semantic image segmentation},
  author={Chen, Liang-Chieh and Zhu, Yukun and Papandreou, George and Schroff, Florian and Adam, Hartwig},
  booktitle={Proceedings of the European Conference on Computer Vision (ECCV)},
  pages={801--818},
  year={2018}
}
@article{fayyaz2016stfcn,
  title={STFCN: spatio-temporal FCN for semantic video segmentation},
  author={Fayyaz, Mohsen and Saffar, Mohammad Hajizadeh and Sabokrou, Mohammad and Fathy, Mahmood and Klette, Reinhard and Huang, Fay},
  journal={arXiv preprint arXiv:1608.05971},
  year={2016}
}
@inproceedings{nilsson2018semantic,
  title={Semantic video segmentation by gated recurrent flow propagation},
  author={Nilsson, David and Sminchisescu, Cristian},
  booktitle={Proceedings of the IEEE Conference on Computer Vision and Pattern Recognition},
  pages={6819--6828},
  year={2018}
}
@inproceedings{jin2017video,
  title={Video scene parsing with predictive feature learning},
  author={Jin, Xiaojie and Li, Xin and Xiao, Huaxin and Shen, Xiaohui and Lin, Zhe and Yang, Jimei and Chen, Yunpeng and Dong, Jian and Liu, Luoqi and Jie, Zequn and others},
  booktitle={Proceedings of the IEEE International Conference on Computer Vision},
  pages={5580--5588},
  year={2017}
}
@inproceedings{shelhamer2016clockwork,
  title={Clockwork convnets for video semantic segmentation},
  author={Shelhamer, Evan and Rakelly, Kate and Hoffman, Judy and Darrell, Trevor},
  booktitle={European Conference on Computer Vision},
  pages={852--868},
  year={2016},
  organization={Springer}
}
@inproceedings{shi2015convolutional,
  title={Convolutional {LSTM} network: A machine learning approach for precipitation nowcasting},
  author={Shi, Xingjian and Chen, Zhourong and Wang, Hao and Yeung, Dit-Yan and Wong, Wai-Kin and Woo, Wang-chun},
  booktitle={Advances in Neural Information Processing Systems},
  volume={28},
  pages={802--810},
  year={2015}
}
@inproceedings{deng2009imagenet,
  title={Imagenet: A large-scale hierarchical image database},
  author={Deng, Jia and Dong, Wei and Socher, Richard and Li, Li-Jia and Li, Kai and Fei-Fei, Li},
  booktitle={2009 IEEE conference on Computer Vision and Pattern Recognition},
  pages={248--255},
  year={2009},
  organization={IEEE}
}

@misc{sun2003method,
  title={Method for determining defect depth using thermal imaging},
  author={Sun, Jiangang},
  year={2003},
  month=apr # "~1",
  publisher={Google Patents},
  note={US Patent 6,542,849}
}

@article{sun2006analysis,
  title={Analysis of pulsed thermography methods for defect depth prediction},
  author={Sun, JG},
  year={2006}
}

@article{choi2008quantitative,
  title={Quantitative determination of a subsurface defect of reference specimen by lock-in infrared thermography},
  author={Choi, Manyong and Kang, Kisoo and Park, Jeonghak and Kim, Wontae and Kim, Koungsuk},
  journal={NDT \& E International},
  volume={41},
  number={2},
  pages={119--124},
  year={2008},
  publisher={Elsevier}
}

@article{benitez2008definition,
  title={Definition of a new thermal contrast and pulse correction for defect quantification in pulsed thermography},
  author={Ben{\'\i}tez, Hern{\'a}n D and Ibarra-Castanedo, Clemente and Bendada, AbdelHakim and Maldague, Xavier and Loaiza, Humberto and Caicedo, Eduardo},
  journal={Infrared Physics \& Technology},
  volume={51},
  number={3},
  pages={160--167},
  year={2008},
  publisher={Elsevier}
}

@article{zeng2012absolute,
  title={Absolute peak slope time based thickness measurement using pulsed thermography},
  author={Zeng, Zhi and Zhou, Jing and Tao, Ning and Feng, Lichun and Zhang, Cunlin},
  journal={Infrared Physics \& Technology},
  volume={55},
  number={2-3},
  pages={200--204},
  year={2012},
  publisher={Elsevier}
}

@article{li2018thickness,
  title={Thickness measurement by two-sided step-heating thermal imaging},
  author={Li, Xiaoli and Tao, Ning and Sun, JG and Zhang, Cunlin and Zhao, Yuejin},
  journal={Review of Scientific Instruments},
  volume={89},
  number={1},
  pages={014902},
  year={2018},
  publisher={AIP Publishing LLC}
}

@article{he2013eddy,
  title={Eddy current step heating thermography for quantitatively evaluation},
  author={He, Yunze and Pan, Mengchun and Chen, Dixiang and Tian, GuiYun and Zhang, Hong},
  journal={Applied Physics Letters},
  volume={103},
  number={19},
  pages={194101},
  year={2013},
  publisher={American Institute of Physics}
}

@inproceedings{graves2013hybrid,
  title={Hybrid speech recognition with deep bidirectional {LSTM}},
  author={Graves, Alex and Jaitly, Navdeep and Mohamed, Abdel-rahman},
  booktitle={2013 IEEE workshop on automatic speech recognition and understanding},
  pages={273--278},
  year={2013},
  organization={IEEE}
}

@inproceedings{graves2014towards,
  title={Towards end-to-end speech recognition with recurrent neural networks},
  author={Graves, Alex and Jaitly, Navdeep},
  booktitle={International Conference on Machine Learning},
  pages={1764--1772},
  year={2014},
  organization={PMLR}
}

@article{sutskever2014sequence,
  title={Sequence to sequence learning with neural networks},
  author={Sutskever, Ilya and Vinyals, Oriol and Le, Quoc V},
  journal={arXiv preprint arXiv:1409.3215},
  year={2014}
}

@article{smirnov2018time,
  title={Time series classification with recurrent neural networks},
  author={Smirnov, Denis and Nguifo, Engelbert Mephu},
  journal={Advanced Analytics and Learning on Temporal Data},
  volume={8},
  year={2018}
}

@article{kiros2014unifying,
  title={Unifying visual-semantic embeddings with multimodal neural language models},
  author={Kiros, Ryan and Salakhutdinov, Ruslan and Zemel, Richard S},
  journal={arXiv preprint arXiv:1411.2539},
  year={2014}
}

@inproceedings{vinyals2015show,
  title={Show and tell: A neural image caption generator},
  author={Vinyals, Oriol and Toshev, Alexander and Bengio, Samy and Erhan, Dumitru},
  booktitle={Proceedings of the IEEE conference on Computer Vision and Pattern Recognition},
  pages={3156--3164},
  year={2015}
}

@inproceedings{xu2015show,
  title={Show, attend and tell: Neural image caption generation with visual attention},
  author={Xu, Kelvin and Ba, Jimmy and Kiros, Ryan and Cho, Kyunghyun and Courville, Aaron and Salakhudinov, Ruslan and Zemel, Rich and Bengio, Yoshua},
  booktitle={International Conference on Machine Learning},
  pages={2048--2057},
  year={2015},
  organization={PMLR}
}

@inproceedings{kingma2014adam,
  title={Adam: A method for stochastic optimization},
  author={Kingma, Diederik P and Ba, Jimmy},
  booktitle = {3rd International Conference on Learning Representations, {ICLR}},
  year      = {2015}
}

@article{tibshirani1996regression,
  title={Regression shrinkage and selection via the lasso},
  author={Tibshirani, Robert},
  journal={Journal of the Royal Statistical Society: Series B (Methodological)},
  volume={58},
  number={1},
  pages={267--288},
  year={1996},
  publisher={Wiley Online Library}
}

@article{breiman2001random,
  title={Random forests},
  author={Breiman, Leo},
  journal={Machine learning},
  volume={45},
  number={1},
  pages={5--32},
  year={2001},
  publisher={Springer}
}

@inproceedings{bai2017deep,
  title={Deep neural network for manufacturing quality prediction},
  author={Bai, Yun and Li, Chuan and Sun, Zhenzhong and Chen, Haibin},
  booktitle={Prognostics and System Health Management Conference (PHM-Harbin), 2017},
  pages={1--5},
  year={2017},
  organization={IEEE}
}

@book{breiman2017classification,
  title={Classification and regression trees},
  author={Breiman, Leo and Friedman, Jerome H and Olshen, Richard A and Stone, Charles J},
  year={2017},
  publisher={Routledge}
}

@article{breiman1996bagging,
  title={Bagging predictors},
  author={Breiman, Leo},
  journal={Machine learning},
  volume={24},
  number={2},
  pages={123--140},
  year={1996},
  publisher={Springer}
}

@article{chen2008neural,
  title={A neural network-based approach for dynamic quality prediction in a plastic injection molding process},
  author={Chen, Wen-Chin and Tai, Pei-Hao and Wang, Min-Wen and Deng, Wei-Jaw and Chen, Chen-Tai},
  journal={Expert Systems with Applications},
  volume={35},
  number={3},
  pages={843--849},
  year={2008},
  publisher={Elsevier}
}

@misc{chollet2015keras,
  title={Keras},
  author={Chollet, Fran\c{c}ois and others},
  year={2015},
  howpublished={\url{https://keras.io}},
}

@article{crosier1988multivariate,
  title={Multivariate generalizations of cumulative sum quality-control schemes},
  author={Crosier, Ronald B},
  journal={Technometrics},
  volume={30},
  number={3},
  pages={291--303},
  year={1988},
  publisher={Taylor \& Francis Group}
}

@article{friedman2001greedy,
  title={Greedy function approximation: a gradient boosting machine},
  author={Friedman, Jerome H},
  journal={Annals of Statistics},
  pages={1189--1232},
  year={2001},
  publisher={JSTOR}
}

@inproceedings{Glorot2011DeepSR,
  title={Deep Sparse Rectifier Neural Networks},
  author={Xavier Glorot and Antoine Bordes and Yoshua Bengio},
  booktitle={AISTATS 2011},
  year={2011}
}

@inproceedings{haeussler1996quality,
  title={Quality control in injection molding with an adaptive process model based on neural networks},
  author={Haeussler, J and Wortberg, J},
  booktitle={technical papers of the annual technical conference-society of plastics engineers incorporated},
  pages={537--543},
  year={1996},
  organization={Society of Plastics Engineers INC}
}

@article{hoerl1970ridge,
  title={Ridge regression: Biased estimation for nonorthogonal problems},
  author={Hoerl, Arthur E and Kennard, Robert W},
  journal={Technometrics},
  volume={12},
  number={1},
  pages={55--67},
  year={1970},
  publisher={Taylor \& Francis Group}
}

@article{DBLP:journals/nature/LeCunBH15,
  author    = {Yann LeCun and
               Yoshua Bengio and
               Geoffrey E. Hinton},
  title     = {Deep learning},
  journal   = {Nature},
  volume    = {521},
  number    = {7553},
  pages     = {436--444},
  year      = {2015}
}

@inproceedings{li2018ensemble,
  title={Ensemble Machine Learning Systems for the Estimation of Steel Quality Control},
  author={Li, Fucun and Wu, Jianqing and Dong, Fang and Lin, Jiayin and Sun, Geng and Chen, Huaming and Shen, Jun},
  booktitle={2018 IEEE International Conference on Big Data (Big Data)},
  pages={2245--2252},
  year={2018},
  organization={IEEE}
}

@article{lieber2013quality,
  title={Quality prediction in interlinked manufacturing processes based on supervised \& unsupervised machine learning},
  author={Lieber, Daniel and Stolpe, Marco and Konrad, Benedikt and Deuse, Jochen and Morik, Katharina},
  journal={Procedia Cirp},
  volume={7},
  pages={193--198},
  year={2013},
  publisher={Elsevier}
}

@article{lowry1992multivariate,
  title={A multivariate exponentially weighted moving average control chart},
  author={Lowry, Cynthia A and Woodall, William H and Champ, Charles W and Rigdon, Steven E},
  journal={Technometrics},
  volume={34},
  number={1},
  pages={46--53},
  year={1992},
  publisher={Taylor \& Francis Group}
}

@article{melhem2016regression,
  title={Regression methods for predicting the product’s quality in the semiconductor manufacturing process},
  author={Melhem, Mariam and Ananou, Bouchra and Ouladsine, Mustapha and Pinaton, Jacques},
  journal={IFAC-PapersOnLine},
  volume={49},
  number={12},
  pages={83--88},
  year={2016},
  publisher={Elsevier}
}

@inproceedings{nagorny2017quality,
  title={Quality prediction in injection molding},
  author={Nagorny, Pierre and Pillet, Maurice and Pairel, Eric and Le Goff, Ronan and Loureaux, J{\'e}rome and Wali, Marl{\`e}ne and Kiener, Patrice},
  booktitle={Computational Intelligence and Virtual Environments for Measurement Systems and Applications (CIVEMSA), 2017 IEEE International Conference on},
  pages={141--146},
  year={2017},
  organization={IEEE}
}

@article{natekin2013gradient,
  title={Gradient boosting machines, a tutorial},
  author={Natekin, Alexey and Knoll, Alois},
  journal={Frontiers in neurorobotics},
  volume={7},
  pages={21},
  year={2013},
  publisher={Frontiers}
}

@article{nomikos1994monitoring,
  title={Monitoring batch processes using multiway principal component analysis},
  author={Nomikos, Paul and MacGregor, John F},
  journal={AIChE Journal},
  volume={40},
  number={8},
  pages={1361--1375},
  year={1994},
  publisher={Wiley Online Library}
}

@article{scikit-learn,
 title={Scikit-learn: Machine Learning in {P}ython},
 author={Pedregosa, F. and Varoquaux, G. and Gramfort, A. and Michel, V.
         and Thirion, B. and Grisel, O. and Blondel, M. and Prettenhofer, P.
         and Weiss, R. and Dubourg, V. and Vanderplas, J. and Passos, A. and
         Cournapeau, D. and Brucher, M. and Perrot, M. and Duchesnay, E.},
 journal={Journal of Machine Learning Research},
 volume={12},
 pages={2825--2830},
 year={2011}
}

@article{russmann2015industry,
  title={Industry 4.0: The future of productivity and growth in manufacturing industries},
  author={R{\"u}{\ss}mann, Michael and Lorenz, Markus and Gerbert, Philipp and Waldner, Manuela and Justus, Jan and Engel, Pascal and Harnisch, Michael},
  journal={Boston Consulting Group},
  volume={9},
  year={2015}
}

@article{schlapfer2015industry,
  title={Industry 4.0 challenges and solutions for the digital transformation and use of exponential technologies},
  author={Schl{\"a}pfer, Ralf C and Koch, Markus and Merkhofer, P},
  journal={Deloitte, Zurique},
  year={2015}
}

@inproceedings{schwab20164th,
  title={The 4th industrial revolution},
  author={Schwab, Klaus},
  booktitle={World Economic Forum. New York: Crown Business},
  year={2016}
}

@article{woodall1985multivariate,
  title={Multivariate CUSUM quality-control procedures},
  author={Woodall, William H and Ncube, Matoteng M},
  journal={Technometrics},
  volume={27},
  number={3},
  pages={285--292},
  year={1985},
  publisher={Taylor \& Francis}
}

@article{zhong2017intelligent,
  title={Intelligent manufacturing in the context of industry 4.0: a review},
  author={Zhong, Ray Y and Xu, Xun and Klotz, Eberhard and Newman, Stephen T},
  journal={Engineering},
  volume={3},
  number={5},
  pages={616--630},
  year={2017},
  publisher={Elsevier}
}

@inproceedings{krizhevsky2012imagenet,
  title={Imagenet classification with deep convolutional neural networks},
  author={Krizhevsky, Alex and Sutskever, Ilya and Hinton, Geoffrey E},
  booktitle={Advances in Neural Information Processing Systems},
  volume={25},
  pages={1097--1105},
  year={2012}
}

@misc{tensorflow2015-whitepaper,
title={ {TensorFlow}: Large-Scale Machine Learning on Heterogeneous Systems},
url={https://www.tensorflow.org/},
note={Software available from tensorflow.org},
author={
    Mart\'{\i}n~Abadi and
    Ashish~Agarwal and
    Paul~Barham and
    Eugene~Brevdo and
    Zhifeng~Chen and
    Craig~Citro and
    Greg~S.~Corrado and
    Andy~Davis and
    Jeffrey~Dean and
    Matthieu~Devin and
    Sanjay~Ghemawat and
    Ian~Goodfellow and
    Andrew~Harp and
    Geoffrey~Irving and
    Michael~Isard and
    Yangqing Jia and
    Rafal~Jozefowicz and
    Lukasz~Kaiser and
    Manjunath~Kudlur and
    Josh~Levenberg and
    Dandelion~Man\'{e} and
    Rajat~Monga and
    Sherry~Moore and
    Derek~Murray and
    Chris~Olah and
    Mike~Schuster and
    Jonathon~Shlens and
    Benoit~Steiner and
    Ilya~Sutskever and
    Kunal~Talwar and
    Paul~Tucker and
    Vincent~Vanhoucke and
    Vijay~Vasudevan and
    Fernanda~Vi\'{e}gas and
    Oriol~Vinyals and
    Pete~Warden and
    Martin~Wattenberg and
    Martin~Wicke and
    Yuan~Yu and
    Xiaoqiang~Zheng},
  year={2015},
}

@book{poli2001design,
  title={Design for manufacturing: a structured approach},
  author={Poli, Corrado},
  year={2001},
  publisher={Butterworth-Heinemann}
}

@book{goodship2015design,
  title={Design and manufacture of plastic components for multifunctionality: structural composites, injection molding, and 3D printing},
  author={Goodship, Vannessa Dr and Middleton, Bethany and Cherrington, Ruth},
  year={2015},
  publisher={William Andrew}
}

@article{huang2002prediction,
  title={Prediction of parison swell in plastics extrusion blow molding using a neural network method},
  author={Huang, H-X and Liao, C-M},
  journal={Polymer Testing},
  volume={21},
  number={7},
  pages={745--749},
  year={2002},
  publisher={Elsevier}
}

@article{lee2020industrial,
  title={Industrial AI},
  author={Lee, Jay and others},
  journal={Applications with sustainable performance},
  year={2020},
  publisher={Springer}
}

@article{roh2019survey,
  title={A survey on data collection for machine learning: a big data-ai integration perspective},
  author={Roh, Yuji and Heo, Geon and Whang, Steven Euijong},
  journal={IEEE Transactions on Knowledge and Data Engineering},
  year={2019},
  publisher={IEEE}
}

@techreport{rumelhart1985learning,
  title={Learning internal representations by error propagation},
  author={Rumelhart, David E and Hinton, Geoffrey E and Williams, Ronald J},
  year={1985},
  institution={California Univ San Diego La Jolla Inst for Cognitive Science}
}

@article{zhang2021ai,
  title={The ai index 2021 annual report},
  author={Zhang, Daniel and Mishra, Saurabh and Brynjolfsson, Erik and Etchemendy, John and Ganguli, Deep and Grosz, Barbara and Lyons, Terah and Manyika, James and Niebles, Juan Carlos and Sellitto, Michael and others},
  journal={arXiv preprint arXiv:2103.06312},
  year={2021}
}

@article{bergstra2012random,
  title={Random search for hyper-parameter optimization.},
  author={Bergstra, James and Bengio, Yoshua},
  journal={Journal of Machine Learning Research},
  volume={13},
  number={2},
  year={2012}
}

@article{jones2001taxonomy,
  title={A taxonomy of global optimization methods based on response surfaces},
  author={Jones, Donald R},
  journal={Journal of Global Optimization},
  volume={21},
  number={4},
  pages={345--383},
  year={2001},
  publisher={Springer}
}

@inproceedings{optuna_2019,
    title={Optuna: A Next-generation Hyperparameter Optimization Framework},
    author={Akiba, Takuya and Sano, Shotaro and Yanase, Toshihiko and Ohta, Takeru and Koyama, Masanori},
    booktitle={Proceedings of the 25rd {ACM} {SIGKDD} International Conference on Knowledge Discovery and Data Mining},
    year={2019}
}

@inproceedings{sandler2018mobilenetv2,
  title={Mobilenetv2: Inverted residuals and linear bottlenecks},
  author={Sandler, Mark and Howard, Andrew and Zhu, Menglong and Zhmoginov, Andrey and Chen, Liang-Chieh},
  booktitle={Proceedings of the IEEE conference on Computer Vision and Pattern Recognition},
  pages={4510--4520},
  year={2018}
}

@inproceedings{ren2015faster,
  title={Faster r-cnn: Towards real-time object detection with region proposal networks},
  author={Ren, Shaoqing and He, Kaiming and Girshick, Ross and Sun, Jian},
  booktitle={Advances in Neural Information Processing Systems},
  volume={28},
  pages={91--99},
  year={2015}
}

@article{blumberg2003problem,
  title={The problem with unstructured data},
  author={Blumberg, Robert and Atre, Shaku},
  journal={DM Review},
  volume={13},
  number={42-49},
  pages={62},
  year={2003},
  publisher={POWELL PUBLISHING INC}
}

@inproceedings{sagiroglu2013big,
  title={Big data: A review},
  author={Sagiroglu, Seref and Sinanc, Duygu},
  booktitle={2013 international conference on collaboration technologies and systems (CTS)},
  pages={42--47},
  year={2013},
  organization={IEEE}
}

@inproceedings{buneman1997adding,
  title={Adding structure to unstructured data},
  author={Buneman, Peter and Davidson, Susan and Fernandez, Mary and Suciu, Dan},
  booktitle={International Conference on Database Theory},
  pages={336--350},
  year={1997},
  organization={Springer}
}

@article{nguyen2019new,
  title={A new dynamic predictive maintenance framework using deep learning for failure prognostics},
  author={Nguyen, Khanh TP and Medjaher, Kamal},
  journal={Reliability Engineering \& System Safety},
  volume={188},
  pages={251--262},
  year={2019},
  publisher={Elsevier}
}

@inproceedings{lee2017application,
  title={Application of deep neural network and generative adversarial network to industrial maintenance: A case study of induction motor fault detection},
  author={Lee, Yong Oh and Jo, Jun and Hwang, Jongwoon},
  booktitle={2017 IEEE international conference on big data (big data)},
  pages={3248--3253},
  year={2017},
  organization={IEEE}
}

@article{einabadi2019dynamic,
  title={Dynamic Predictive Maintenance in industry 4.0 based on real time information: Case study in automotive industries},
  author={Einabadi, B and Baboli, Armand and Ebrahimi, M},
  journal={IFAC-PapersOnLine},
  volume={52},
  number={13},
  pages={1069--1074},
  year={2019},
  publisher={Elsevier}
}

@article{li2017intelligent,
  title={Intelligent predictive maintenance for fault diagnosis and prognosis in machine centers: Industry 4.0 scenario},
  author={Li, Zhe and Wang, Yi and Wang, Ke-Sheng},
  journal={Advances in Manufacturing},
  volume={5},
  number={4},
  pages={377--387},
  year={2017},
  publisher={Springer}
}

@article{liu2016prediction,
  title={Prediction of peak values in time series data for prognostics of critical components in nuclear power plants},
  author={Liu, Jie and Zio, Enrico},
  journal={IFAC-PapersOnLine},
  volume={49},
  number={28},
  pages={174--178},
  year={2016},
  publisher={Elsevier}
}

@article{pearson1901liii,
  title={LIII. On lines and planes of closest fit to systems of points in space},
  author={Pearson, Karl},
  journal={The London, Edinburgh, and Dublin philosophical magazine and journal of science},
  volume={2},
  number={11},
  pages={559--572},
  year={1901},
  publisher={Taylor \& Francis}
}

@article{hotelling1933analysis,
  title={Analysis of a complex of statistical variables into principal components.},
  author={Hotelling, Harold},
  journal={Journal of Educational Psychology},
  volume={24},
  number={6},
  pages={417},
  year={1933},
  publisher={Warwick \& York}
}

@inproceedings{wang2017time,
  title={Time series classification from scratch with deep neural networks: A strong baseline},
  author={Wang, Zhiguang and Yan, Weizhong and Oates, Tim},
  booktitle={2017 International joint conference on neural networks (IJCNN)},
  pages={1578--1585},
  year={2017},
  organization={IEEE}
}

@article{abbas2014future,
  title={Future {SCADA} challenges and the promising solution: the agent-based {SCADA}},
  author={Abbas, Hosny A},
  journal={International journal of critical infrastructures},
  volume={10},
  number={3-4},
  pages={307--333},
  year={2014},
  publisher={Inderscience Publishers Ltd}
}

@book{tukey1977exploratory,
  title={Exploratory data analysis},
  author={Tukey, John W and others},
  volume={2},
  year={1977},
  publisher={Reading, Mass.}
}

@incollection{kotthoff2016algorithm,
  title={Algorithm selection for combinatorial search problems: A survey},
  author={Kotthoff, Lars},
  booktitle={Data Mining and Constraint Programming},
  pages={149--190},
  year={2016},
  publisher={Springer}
}

@article{lee2020machine,
  title={Machine learning for enterprises: Applications, algorithm selection, and challenges},
  author={Lee, In and Shin, Yong Jae},
  journal={Business Horizons},
  volume={63},
  number={2},
  pages={157--170},
  year={2020},
  publisher={Elsevier}
}

@article{ribeiro2018transfer,
  title={Transfer learning with seasonal and trend adjustment for cross-building energy forecasting},
  author={Ribeiro, Mauro and Grolinger, Katarina and ElYamany, Hany F and Higashino, Wilson A and Capretz, Miriam AM},
  journal={Energy and Buildings},
  volume={165},
  pages={352--363},
  year={2018},
  publisher={Elsevier}
}

@article{fan2021review,
  title={A Review on Data Preprocessing Techniques Toward Efficient and Reliable Knowledge Discovery From Building Operational Data. Front},
  author={Fan, C and Chen, M and Wang, X and Wang, J and Huang, B},
  journal={Energy Res},
  volume={9},
  pages={652801},
  year={2021}
}

@inproceedings{khan2017big,
  title={Big data challenges and opportunities in the hype of Industry 4.0},
  author={Khan, Maqbool and Wu, Xiaotong and Xu, Xiaolong and Dou, Wanchun},
  booktitle={2017 IEEE International Conference on Communications (ICC)},
  pages={1--6},
  year={2017},
  organization={IEEE}
}

@article{daneels1999scada,
  title={What is {SCADA}?},
  author={Daneels, Axel and Salter, Wayne},
  year={1999}
}

@inproceedings{profanter2019opc,
  title={OPC UA versus ROS, DDS, and MQTT: performance evaluation of industry 4.0 protocols},
  author={Profanter, Stefan and Tekat, Ayhun and Dorofeev, Kirill and Rickert, Markus and Knoll, Alois},
  booktitle={2019 IEEE International Conference on Industrial Technology (ICIT)},
  pages={955--962},
  year={2019},
  organization={IEEE}
}

@INPROCEEDINGS{8262021,
  author={Marcon, P. and Zezulka, F. and Vesely, I. and Szabo, Z. and Roubal, Z. and Sajdl, O. and Gescheidtova, E. and Dohnal, P.},
  booktitle={2017 Progress In Electromagnetics Research Symposium - Spring (PIERS)}, 
  title={Communication technology for industry 4.0}, 
  year={2017},
  volume={},
  number={},
  pages={1694-1697},
  doi={10.1109/PIERS.2017.8262021}}
  
  @article{zezulka2018communication,
  title={Communication systems for industry 4.0 and the iiot},
  author={Zezulka, Franti{\v{s}}ek and Marcon, P and Bradac, Zdenek and Arm, Jakub and Benesl, T and Vesely, Ivo},
  journal={IFAC-PapersOnLine},
  volume={51},
  number={6},
  pages={150--155},
  year={2018},
  publisher={Elsevier}
}

@article{chen2020implementation,
  title={Implementation of the Manufacturing Execution System in the food and beverage industry},
  author={Chen, Xinyu and Voigt, Tobias},
  journal={Journal of Food Engineering},
  volume={278},
  pages={109932},
  year={2020},
  publisher={Elsevier}
}

@article{diraddo1993line,
  title={On-line prediction of final part dimensions in blow molding: A neural network computing approach},
  author={Diraddo, RW and Garcia-Rejon, Andr{\'e}s},
  journal={Polymer Engineering \& Science},
  volume={33},
  number={11},
  pages={653--664},
  year={1993},
  publisher={Wiley Online Library}
}

@article{lee1996prediction,
  title={Prediction of optimal preform thickness distribution in blow molding},
  author={Lee, DK and Soh, SK},
  journal={Polymer Engineering \& Science},
  volume={36},
  number={11},
  pages={1513--1520},
  year={1996},
  publisher={Wiley Online Library}
}

@article{diraddo1993profile,
  title={Profile optimization for the prediction of initial parison dimensions from final blow moulded part specifications},
  author={Diraddo, RW and Garc{\'\i}a-Rej{\'o}n, Andr{\'e}s},
  journal={Computers \& chemical engineering},
  volume={17},
  number={8},
  pages={751--764},
  year={1993},
  publisher={Elsevier}
}

@inproceedings{tellaeche2013machine,
  title={Machine learning algorithms for quality control in plastic molding industry},
  author={Tellaeche, Alberto and Arana, Ram{\'o}n},
  booktitle={2013 IEEE 18th Conference on Emerging Technologies \& Factory Automation (ETFA)},
  pages={1--4},
  year={2013},
  organization={IEEE}
}

@inproceedings{lenz2013data,
  title={Data mining and support vector regression machine learning in semiconductor manufacturing to improve virtual metrology},
  author={Lenz, Benjamin and Barak, Bernd},
  booktitle={2013 46th Hawaii International Conference on System Sciences},
  pages={3447--3456},
  year={2013},
  organization={IEEE}
}

@article{jiang2020novel,
  title={A novel framework for semiconductor manufacturing final test yield classification using machine learning techniques},
  author={Jiang, Dan and Lin, Weihua and Raghavan, Nagarajan},
  journal={IEEE Access},
  volume={8},
  pages={197885--197895},
  year={2020},
  publisher={IEEE}
}

@book{friedman2017elements,
  title={The elements of statistical learning: Data mining, inference, and prediction},
  author={Friedman, Jerome H},
  year={2017},
  publisher={springer open}
}

@article{bishop2006pattern,
  title={Pattern recognition},
  author={Bishop, Christopher M},
  journal={Machine learning},
  volume={128},
  number={9},
  year={2006}
}

@article{ramana2013data,
  title={Data mining based knowledge discovery for quality prediction and control of extrusion blow molding process},
  author={Ramana, EV and Reddy, P Ravinder},
  journal={International Journal of Advances in Engineering \& Technology},
  volume={6},
  number={2},
  pages={703},
  year={2013},
  publisher={Citeseer}
}

@article{attar2008manufacturing,
  title={Manufacturing in blow molding: Time reduction and part quality improvement},
  author={Attar, A and Bhuiyan, N and Thomson, Vince},
  journal={Journal of materials processing technology},
  volume={204},
  number={1-3},
  pages={284--289},
  year={2008},
  publisher={Elsevier}
}

@article{sharma2017taguchi,
  title={A Taguchi approach on optimal process control parameters for HDPE pipe extrusion process},
  author={Sharma, GVSS and Rao, R Umamaheswara and Rao, P Srinivasa},
  journal={Journal of Industrial Engineering International},
  volume={13},
  number={2},
  pages={215--228},
  year={2017},
  publisher={Springer}
}

@article{fawaz2019deep,
  title={Deep learning for time series classification: a review},
  author={Fawaz, Hassan Ismail and Forestier, Germain and Weber, Jonathan and Idoumghar, Lhassane and Muller, Pierre-Alain},
  journal={Data mining and knowledge discovery},
  volume={33},
  number={4},
  pages={917--963},
  year={2019},
  publisher={Springer}
}

@inproceedings{boser1992training,
  title={A training algorithm for optimal margin classifiers},
  author={Boser, Bernhard E and Guyon, Isabelle M and Vapnik, Vladimir N},
  booktitle={Proceedings of the fifth annual workshop on Computational learning theory},
  pages={144--152},
  year={1992}
}

@inproceedings{vaswani2017attention,
  title={Attention is all you need},
  author={Vaswani, Ashish and Shazeer, Noam and Parmar, Niki and Uszkoreit, Jakob and Jones, Llion and Gomez, Aidan N and Kaiser, {\L}ukasz and Polosukhin, Illia},
  booktitle={Advances in neural information processing systems},
  pages={5998--6008},
  year={2017}
}

@inproceedings{liu2016ssd,
  title={Ssd: Single shot multibox detector},
  author={Liu, Wei and Anguelov, Dragomir and Erhan, Dumitru and Szegedy, Christian and Reed, Scott and Fu, Cheng-Yang and Berg, Alexander C},
  booktitle={European conference on computer vision},
  pages={21--37},
  year={2016},
  organization={Springer}
}

@article{simonyan2014very,
  title={Very deep convolutional networks for large-scale image recognition},
  author={Simonyan, Karen and Zisserman, Andrew},
  journal={arXiv preprint arXiv:1409.1556},
  year={2014}
}

@inproceedings{howard2019searching,
  title={Searching for mobilenetv3},
  author={Howard, Andrew and Sandler, Mark and Chu, Grace and Chen, Liang-Chieh and Chen, Bo and Tan, Mingxing and Wang, Weijun and Zhu, Yukun and Pang, Ruoming and Vasudevan, Vijay and others},
  booktitle={Proceedings of the IEEE/CVF International Conference on Computer Vision},
  pages={1314--1324},
  year={2019}
}

@article{yosinski2014transferable,
  title={How transferable are features in deep neural networks?},
  author={Yosinski, Jason and Clune, Jeff and Bengio, Yoshua and Lipson, Hod},
  journal={arXiv preprint arXiv:1411.1792},
  year={2014}
}

@inproceedings{zeiler2014visualizing,
  title={Visualizing and understanding convolutional networks},
  author={Zeiler, Matthew D and Fergus, Rob},
  booktitle={European conference on computer vision},
  pages={818--833},
  year={2014},
  organization={Springer}
}

@article{poslinski1990nonisothermal,
  title={Nonisothermal parison inflation in blow molding},
  author={Poslinski, Andrew J and Tsamopoulos, John A},
  journal={AIChE journal},
  volume={36},
  number={12},
  pages={1837--1850},
  year={1990},
  publisher={Wiley Online Library}
}

@article{ryan1982dynamics,
  title={The dynamics of parison free inflation in extrusion blow molding},
  author={Ryan, ME and Dutta, A},
  journal={Polymer Engineering \& Science},
  volume={22},
  number={9},
  pages={569--577},
  year={1982},
  publisher={Wiley Online Library}
}

@article{khayat1992inflation,
  title={Inflation of an elastic cylindrical membrane: non-linear deformation and instability},
  author={Khayat, Roger Edmond and Derdorri, A and Garc{\'\i}a-Rej{\'o}n, Andr{\'e}s},
  journal={International journal of solids and structures},
  volume={29},
  number={1},
  pages={69--87},
  year={1992},
  publisher={Elsevier}
}

@article{diraddo1993modeling,
  title={Modeling of membrane inflation in blow molding: neural network prediction of initial dimensions from final part specifications},
  author={DiRaddo, RW and Garcia-Rejon, Andr{\'e}s},
  journal={Advances in Polymer Technology: Journal of the Polymer Processing Institute},
  volume={12},
  number={1},
  pages={3--24},
  year={1993},
  publisher={Wiley Online Library}
}

@inproceedings{glorot2010understanding,
  title={Understanding the difficulty of training deep feedforward neural networks},
  author={Glorot, Xavier and Bengio, Yoshua},
  booktitle={Proceedings of the thirteenth international conference on artificial intelligence and statistics},
  pages={249--256},
  year={2010},
  organization={JMLR Workshop and Conference Proceedings}
}

@inproceedings{he2015delving,
  title={Delving deep into rectifiers: Surpassing human-level performance on imagenet classification},
  author={He, Kaiming and Zhang, Xiangyu and Ren, Shaoqing and Sun, Jian},
  booktitle={Proceedings of the IEEE international conference on computer vision},
  pages={1026--1034},
  year={2015}
}

@article{drucker1997support,
  title={Support vector regression machines},
  author={Drucker, Harris and Burges, Chris JC and Kaufman, Linda and Smola, Alex and Vapnik, Vladimir and others},
  journal={Advances in neural information processing systems},
  volume={9},
  pages={155--161},
  year={1997},
  publisher={Morgan Kaufmann Publishers}
}

@article{lorenz2016time,
  title={Time to accelerate in the race toward industry 4.0},
  author={Lorenz, Markus and Kuepper, Daniel and Ruessmann, Michael and Heidemann, Ailke and Bause, Alexandra},
  journal={Boston: The Boston Consulting Group. Recuperado a partir de https://www. bcgperspectives. com/Images/BCG-Time-to-Accelerate-in-the-Race-Toward-Industry-4.0-May-2016\_tcm80-211060. pdf},
  year={2016}
}

@article{tao2018data,
  title={Data-driven smart manufacturing},
  author={Tao, Fei and Qi, Qinglin and Liu, Ang and Kusiak, Andrew},
  journal={Journal of Manufacturing Systems},
  volume={48},
  pages={157--169},
  year={2018},
  publisher={Elsevier}
}

@article{paszke2019pytorch,
  title={Pytorch: An imperative style, high-performance deep learning library},
  author={Paszke, Adam and Gross, Sam and Massa, Francisco and Lerer, Adam and Bradbury, James and Chanan, Gregory and Killeen, Trevor and Lin, Zeming and Gimelshein, Natalia and Antiga, Luca and others},
  journal={Advances in neural information processing systems},
  volume={32},
  pages={8026--8037},
  year={2019}
}

@article{toma2020bearing,
  title={Bearing fault diagnosis of induction motors using a genetic algorithm and machine learning classifiers},
  author={Toma, Rafia Nishat and Prosvirin, Alexander E and Kim, Jong-Myon},
  journal={Sensors},
  volume={20},
  number={7},
  pages={1884},
  year={2020},
  publisher={Multidisciplinary Digital Publishing Institute}
}

@article{wong2006modified,
  title={Modified self-organising map for automated novelty detection applied to vibration signal monitoring},
  author={Wong, MLD and Jack, LB and Nandi, AK},
  journal={Mechanical systems and signal processing},
  volume={20},
  number={3},
  pages={593--610},
  year={2006},
  publisher={Elsevier}
}

@article{chen2014fault,
  title={Fault diagnosis based on comprehensive geometric characteristic and probability neural network},
  author={Chen, Xiaoyue and Zhou, Jianzhong and Xiao, Han and Wang, Ercheng and Xiao, Jian and Zhang, Huifeng},
  journal={Applied Mathematics and Computation},
  volume={230},
  pages={542--554},
  year={2014},
  publisher={Elsevier}
}

@article{arabaci2010automatic,
  title={Automatic detection and classification of rotor cage faults in squirrel cage induction motor},
  author={Arabac{\i}, Hayri and Bilgin, Osman},
  journal={Neural Computing and Applications},
  volume={19},
  number={5},
  pages={713--723},
  year={2010},
  publisher={Springer}
}

@article{malik2017artificial,
  title={Artificial neural network and empirical mode decomposition based imbalance fault diagnosis of wind turbine using TurbSim, FAST and Simulink},
  author={Malik, Hasmat and Mishra, Sukumar},
  journal={IET Renewable Power Generation},
  volume={11},
  number={6},
  pages={889--902},
  year={2017},
  publisher={IET}
}

@article{morariu2020machine,
  title={Machine learning for predictive scheduling and resource allocation in large scale manufacturing systems},
  author={Morariu, Cristina and Morariu, Octavian and R{\u{a}}ileanu, Silviu and Borangiu, Theodor},
  journal={Computers in Industry},
  volume={120},
  pages={103244},
  year={2020},
  publisher={Elsevier}
}

@article{woschank2020review,
  title={A review of further directions for artificial intelligence, machine learning, and deep learning in smart logistics},
  author={Woschank, Manuel and Rauch, Erwin and Zsifkovits, Helmut},
  journal={Sustainability},
  volume={12},
  number={9},
  pages={3760},
  year={2020},
  publisher={Multidisciplinary Digital Publishing Institute}
}

@article{lolli2019machine,
  title={Machine learning for multi-criteria inventory classification applied to intermittent demand},
  author={Lolli, Francesco and Balugani, Elia and Ishizaka, Alessio and Gamberini, Rita and Rimini, Bianca and Regattieri, A},
  journal={Production Planning \& Control},
  volume={30},
  number={1},
  pages={76--89},
  year={2019},
  publisher={Taylor \& Francis}
}

@article{zhang2019review,
  title={Review of job shop scheduling research and its new perspectives under Industry 4.0},
  author={Zhang, Jian and Ding, Guofu and Zou, Yisheng and Qin, Shengfeng and Fu, Jianlin},
  journal={Journal of Intelligent Manufacturing},
  volume={30},
  number={4},
  pages={1809--1830},
  year={2019},
  publisher={Springer}
}

@inproceedings{gomes2016developing,
  title={Developing an ambient intelligent-based decision support system for production and control planning},
  author={Gomes, Marco and Silva, F{\'a}bio and Ferraz, Filipa and Silva, Ant{\'o}nio and Analide, Cesar and Novais, Paulo},
  booktitle={International Conference on Intelligent Systems Design and Applications},
  pages={984--994},
  year={2016},
  organization={Springer}
}

@article{wada2016labelme,
  title={Labelme: Image polygonal annotation with python},
  author={Wada, Kentaro},
  journal={GitHub repository},
  year={2016}
}